
@article {Hormander:1955,
    AUTHOR = {H{\"o}rmander, Lars},
     TITLE = {On the theory of general partial differential operators},
   JOURNAL = {Acta Math.},
  FJOURNAL = {Acta Mathematica},
    VOLUME = {94},
      YEAR = {1955},
     PAGES = {161--248},
      ISSN = {0001-5962},
   MRCLASS = {35.0X},
  MRNUMBER = {0076151 (17,853d)},
MRREVIEWER = {J. L. Lions},
}
	

@article {Hormander:1960a,
    AUTHOR = {H{\"o}rmander, Lars},
     TITLE = {Differential operators of principal type},
   JOURNAL = {Math. Ann.},
  FJOURNAL = {Mathematische Annalen},
    VOLUME = {140},
      YEAR = {1960},
     PAGES = {124--146},
      ISSN = {0025-5831},
   MRCLASS = {47.65},
  MRNUMBER = {0130574 (24 \#A434)},
MRREVIEWER = {J. Peetre},
}
		

@article {Hormander:1960b,
    AUTHOR = {H{\"o}rmander, Lars},
     TITLE = {Differential equations without solutions},
   JOURNAL = {Math. Ann.},
  FJOURNAL = {Mathematische Annalen},
    VOLUME = {140},
      YEAR = {1960},
     PAGES = {169--173},
      ISSN = {0025-5831},
   MRCLASS = {35.01},
  MRNUMBER = {0147765 (26 \#5279)},
MRREVIEWER = {J. Peetre},
}
	
@article {Lewy:1957,
    AUTHOR = {Lewy, Hans},
     TITLE = {An example of a smooth linear partial differential equation
              without solution},
   JOURNAL = {Ann. of Math. (2)},
  FJOURNAL = {Annals of Mathematics. Second Series},
    VOLUME = {66},
      YEAR = {1957},
     PAGES = {155--158},
      ISSN = {0003-486X},
   MRCLASS = {35.0X},
  MRNUMBER = {0088629 (19,551d)},
MRREVIEWER = {I. I. Kolodner},
}	

@article {Garding:1953,
    AUTHOR = {G{\aa}rding, Lars},
     TITLE = {Dirichlet's problem for linear elliptic partial differential
              equations},
   JOURNAL = {Math. Scand.},
  FJOURNAL = {Mathematica Scandinavica},
    VOLUME = {1},
      YEAR = {1953},
     PAGES = {55--72},
      ISSN = {0025-5521},
   MRCLASS = {35.0X},
  MRNUMBER = {0064979 (16,366a)},
MRREVIEWER = {F. Browder},
}

@article {Lax:1966,
    AUTHOR = {Lax, Peter D. and Nirenberg, Louis},
     TITLE = {On stability for difference schemes: {A} sharp form of
              {G}{\aa}rding's inequality},
   JOURNAL = {Comm. Pure Appl. Math.},
  FJOURNAL = {Communications on Pure and Applied Mathematics},
    VOLUME = {19},
      YEAR = {1966},
     PAGES = {473--492},
      ISSN = {0010-3640},
   MRCLASS = {35.06 (65.65)},
  MRNUMBER = {0206534 (34 \#6352)},
MRREVIEWER = {H.-O. Kreiss},
}

@article {Melin:1971,
    AUTHOR = {Melin, Anders},
     TITLE = {Lower bounds for pseudo-differential operators},
   JOURNAL = {Ark. Mat.},
  FJOURNAL = {Arkiv f\"or Matematik},
    VOLUME = {9},
      YEAR = {1971},
     PAGES = {117--140},
      ISSN = {0004-2080},
   MRCLASS = {35S05 (47G05)},
  MRNUMBER = {0328393 (48 \#6735)},
MRREVIEWER = {J. Unterberger},
}



@article {Hormander:1966,
    AUTHOR = {H{\"o}rmander, Lars},
     TITLE = {Pseudo-differential operators and non-elliptic boundary
              problems},
   JOURNAL = {Ann. of Math. (2)},
  FJOURNAL = {Annals of Mathematics. Second Series},
    VOLUME = {83},
      YEAR = {1966},
     PAGES = {129--209},
      ISSN = {0003-486X},
   MRCLASS = {35.23},
  MRNUMBER = {0233064 (38 \#1387)},
MRREVIEWER = {M. Schechter},
}

@book {Hormander:1985,
    AUTHOR = {H{\"o}rmander, Lars},
     TITLE = {The analysis of linear partial differential operators. {III}},
    SERIES = {Grundlehren der Mathematischen Wissenschaften [Fundamental
              Principles of Mathematical Sciences]},
    VOLUME = {274},
      NOTE = {Pseudodifferential operators},
 PUBLISHER = {Springer-Verlag, Berlin},
      YEAR = {1985},
     PAGES = {viii+525},
      ISBN = {3-540-13828-5},
   MRCLASS = {35-02 (35Sxx 47G05 58G15)},
  MRNUMBER = {781536 (87d:35002a)},
MRREVIEWER = {Min You Qi},
}

@article {Hormander:1965,
    AUTHOR = {H{\"o}rmander, Lars},
     TITLE = {Pseudo-differential operators},
   JOURNAL = {Comm. Pure Appl. Math.},
  FJOURNAL = {Communications on Pure and Applied Mathematics},
    VOLUME = {18},
      YEAR = {1965},
     PAGES = {501--517},
      ISSN = {0010-3640},
   MRCLASS = {35.23 (35.96)},
  MRNUMBER = {0180740 (31 \#4970)},
MRREVIEWER = {R. T. Seeley},
}
		
@article {Seidenberg:1954,
    AUTHOR = {Seidenberg, A.},
     TITLE = {A new decision method for elementary algebra},
   JOURNAL = {Ann. of Math. (2)},
  FJOURNAL = {Annals of Mathematics. Second Series},
    VOLUME = {60},
      YEAR = {1954},
     PAGES = {365--374},
      ISSN = {0003-486X},
   MRCLASS = {02.0X},
  MRNUMBER = {0063994 (16,209a)},
MRREVIEWER = {G. Kreisel},
}

